<?xml version="1.0" encoding="UTF-8"?><collection xmlns="http://www.loc.gov/MARC21/slim"><record><leader>00560nam--2200181-i-4500</leader><controlfield tag="001">000037509</controlfield><controlfield tag="002">20161230</controlfield><controlfield tag="005">20161230201041</controlfield><controlfield tag="008">060222s1000------------r-----000-0-eng-d</controlfield><datafield ind1=" " ind2=" " tag="040"><subfield code="a">IFIN-HH</subfield></datafield><datafield ind1=" " ind2=" " tag="080"><subfield code="a">530.145</subfield></datafield><datafield ind1="1" ind2=" " tag="100"><subfield code="a">Wiser, Nathan</subfield></datafield><datafield ind1="1" ind2="0" tag="245"><subfield code="a">Quantum fluids</subfield><subfield code="b">Proceedings of the Batsheva Seminar held at the Technion-Israel Institute of Technology, Haifa</subfield><subfield code="c">Nathan wiser, d.j. amit</subfield></datafield><datafield ind1=" " ind2=" " tag="260"><subfield code="a">New York, Gordon And Breach Science Publ., 1970,</subfield></datafield><datafield ind1=" " ind2=" " tag="300"><subfield code="a">X + 614P</subfield></datafield><datafield ind1=" " ind2=" " tag="700"><subfield code="a">Amit, D.J</subfield></datafield><datafield ind1=" " ind2=" " tag="852"><subfield code="a">35435</subfield><subfield code="c">532</subfield></datafield><datafield ind1=" " ind2=" " tag="CAT"><subfield code="a">Sys</subfield><subfield code="c">20100714</subfield><subfield code="h">142726</subfield></datafield></record></collection>